PokerStars Hand #123456789: Hold'em No Limit ($0.25/$0.50 USD) - 2024/11/04 12:00:00 BRT [2024/11/04 10:00:00 ET]
Table 'Test Table' 6-max Seat #1 is the button
Seat 1: Player1 ($50 in chips)
Seat 2: Player2 ($75.50 in chips)
Seat 3: Player3 ($100 in chips)
Seat 4: Player4 ($45.25 in chips)
Seat 5: Player5 ($62.75 in chips)
Seat 6: Player6 ($88 in chips)
Player2: posts small blind $0.25
Player3: posts big blind $0.50
*** HOLE CARDS ***
Player4: folds
Player5: raises $1 to $1.50
Player6: folds
Player1: calls $1.50
Player2: folds
Player3: folds
*** FLOP *** [Ah 7s 3c]
Player5: bets $2.25
Player1: raises $5.50 to $7.75
Player5: folds
Uncalled bet ($5.50) returned to Player1
Player1 collected $7.90 from pot
*** SUMMARY ***
Total pot $8.25 | Rake $0.35
Board [Ah 7s 3c]
Seat 1: Player1 (button) collected ($7.90)
Seat 2: Player2 (small blind) folded before Flop
Seat 3: Player3 (big blind) folded before Flop
Seat 4: Player4 folded before Flop (didn't bet)
Seat 5: Player5 folded on the Flop
Seat 6: Player6 folded before Flop (didn't bet)

PokerStars Hand #123456790: Hold'em No Limit ($0.25/$0.50 USD) - 2024/11/04 12:05:00 BRT [2024/11/04 10:05:00 ET]
Table 'Test Table' 6-max Seat #2 is the button
Seat 1: Player1 ($54.15 in chips)
Seat 2: Player2 ($75.25 in chips)
Seat 3: Player3 ($99.50 in chips)
Seat 4: Player4 ($45.25 in chips)
Seat 5: Player5 ($59 in chips)
Seat 6: Player6 ($88 in chips)
Player3: posts small blind $0.25
Player4: posts big blind $0.50
*** HOLE CARDS ***
Player5: folds
Player6: raises $1.50 to $2
Player1: folds
Player2: folds
Player3: folds
Player4: folds
Uncalled bet ($1.50) returned to Player6
Player6 collected $1.25 from pot
*** SUMMARY ***
Total pot $1.25 | Rake $0
Seat 1: Player1 folded before Flop (didn't bet)
Seat 2: Player2 (button) folded before Flop (didn't bet)
Seat 3: Player3 (small blind) folded before Flop
Seat 4: Player4 (big blind) folded before Flop
Seat 5: Player5 folded before Flop (didn't bet)
Seat 6: Player6 collected ($1.25)

PokerStars Hand #123456791: Hold'em No Limit ($0.25/$0.50 USD) - 2024/11/04 12:10:00 BRT [2024/11/04 10:10:00 ET]
Table 'Test Table' 6-max Seat #3 is the button
Seat 1: Player1 ($54.15 in chips)
Seat 2: Player2 ($75.25 in chips)
Seat 3: Player3 ($99.25 in chips)
Seat 4: Player4 ($44.75 in chips)
Seat 5: Player5 ($59 in chips)
Seat 6: Player6 ($89.25 in chips)
Player4: posts small blind $0.25
Player5: posts big blind $0.50
*** HOLE CARDS ***
Player6: folds
Player1: raises $1 to $1.50
Player2: raises $4 to $5.50
Player3: folds
Player4: folds
Player5: folds
Player1: calls $4
*** FLOP *** [Kh Qs 2d]
Player1: checks
Player2: bets $8
Player1: folds
Uncalled bet ($8) returned to Player2
Player2 collected $11.40 from pot
*** SUMMARY ***
Total pot $11.75 | Rake $0.35
Board [Kh Qs 2d]
Seat 1: Player1 folded on the Flop
Seat 2: Player2 collected ($11.40)
Seat 3: Player3 (button) folded before Flop (didn't bet)
Seat 4: Player4 (small blind) folded before Flop
Seat 5: Player5 (big blind) folded before Flop
Seat 6: Player6 folded before Flop (didn't bet)
